@misc{	php_what,
		author = "{The PHP Group}",
		title = "{PHP: What is PHP? - Manual}",
		howpublished = "\url{http://www.php.net/manual/en/intro-whatis.php} (21/10/2009)"
}

@misc{	latex,
		author = "{LaTeX project team}",
		title = "{LaTeX project: LaTeX - A document preparation system}",
		howpubllished = "\url{http://www.latex-project.org/} (21/10/2009)"
}

@misc{	mysql,
		author = "{MySQL AB and Sun Microsystems, Inc.}",
		title = "{MySQL :: About MySQL}",
		howpublished = "\url{http://www.mysql.com/about/} (21/10/2009)",
}

@misc{	ajax,
		author = "{Wikipedia}",
		title = "{Ajax (programming) --- Wikipedia, The Free Encyclopedia}",
		howpublished = "\url{http://en.wikipedia.org/w/index.php?title=Ajax_(programming)&oldid=321095038} (21/10/2009)"
}

@misc{	pdf,
		author = "{Cambridge University Press}",
		title = "{PDF - Definition of PDF noun from Cambridge Dictionary Online: Free English Dictionary and Thesaurus}",
		howpublished = "\url{http://dictionary.cambridge.org/define.asp?key=102138&amp;dict=CALD8} (21/10/2009)"
}

@misc{	ide_wiki,
		author = "Wikipedia",
		title = "{Integrated development environment --- Wikipedia, The Free Encyclopedia}",
		howpublished = "\url{http://en.wikipedia.org/w/index.php?title=Integrated_development_environment&oldid=324863030} (11/11/2009)"
}
 
@misc{	closed_source_wiki,
		author = "{Wikipedia}",
		title = "{Proprietary software --- Wikipedia, The Free Encyclopedia}",
		howpublished = "\url{http://en.wikipedia.org/w/index.php?title=Proprietary_software&oldid=327755837} (25/11/2009)"
}

@misc{	gubler,
		author = "{Thomas Gubler,  Supervision: Urs M\"{u}ller, Hanspeter Ebn\"{o}ther (Kantonschule Rychenberg Winterthur)}",
		title = "{Elektronisches Absenzenverwaltungssystem (Programmierung einer Anwendung zur Verwaltung von Absenzen mit ASP.NET)}",
		year = "2006"
}